@article{breiman1984,
  title={Classification and Regression Trees},
  author={Breiman, Leo},
  journal={The Wadsworth \& Brooks/Cole},
  year={1984},
  publisher={Advanced Books \& Software},
  url={https://www.taylorfrancis.com/books/mono/10.1201/9781315139470/classification-regression-trees-leo-breiman}
}
@article{fisher1958,
  title={On grouping for maximum homogeneity},
  author={Fisher, Walter D},
  journal={Journal of the American statistical Association},
  volume={53},
  number={284},
  pages={789--798},
  year={1958},
  publisher={Taylor \& Francis},
  url={https://amstat.tandfonline.com/doi/abs/10.1080/01621459.1958.10501479}
}
@book{ripley1996,
  title={Pattern recognition and neural networks},
  author={Ripley, Brian D},
  year={1996},
  publisher={Cambridge university press},
  url={https://www.cambridge.org/de/academic/subjects/statistics-probability/computational-statistics-machine-learning-and-information-sc/pattern-recognition-and-neural-networks?format=PB&isbn=9780521717700}
}