@article{bengio2004,
  title={No Unbiased Estimator of the Variance of K-Fold Cross-Validation},
  author={Bengio, Yoshua and Grandvalet, Yves},
  journal={Journal of Machine Learning Research},
  volume={5},
  pages={1089--1105},
  year={2004}
}