@article{STROBL2007,
  author = {Strobl, Carolin and Boulesteix, Anne-Laure and Zeileis, Achim and Hothorn, Torsten},
  journal = {BMC Bioinformatics},
  number = 25,
  title = {Bias in Random Forest Variable Importance Measures: Illustrations, Sources and a Solution},
  volume = 8,
  year = 2007,
  url = {https://bmcbioinformatics.biomedcentral.com/articles/10.1186/1471-2105-8-25}
}
